@book{LouizouPhiliposC2007,
	publisher = {CRC Press},
	isbn = {0-8493-5032-8},
	year = {2007},
	title = {Speech enhancement : Theory and practice},
	address = {Boca Raton},
	author = {Louizou, Philipos C},
}

@book{techHlasKom,
	publisher = {Nakladatelství ČVUT},
	isbn = {978-80-01-03888-8},
	year = {2007},
	title = {Technologie hlasových komunikací},
	edition = {1.},
	address = {Praha},
	author = {Uhlíř, Jan},
}

@misc{wikiCortana,
	author = {Wikipedia contributors},
	title = {Cortana --- {Wikipedia}{,} The Free Encyclopedia},
	howpublished = {[online]},
	year = {2020},
	note = {[vid. 7. 04. 2020]},
	url = {https://en.wikipedia.org/w/index.php?title=Cortana&oldid=948371536},
	
}

@misc{wikiRozpozReci,
	author = {Wikipedia contributors},
	title = {Speech recognition --- {Wikipedia}{,} The Free Encyclopedia},
	howpublished = {[online]},
	year = {2019},
	note = {[vid. 7. 04. 2020]},
	url = {https://en.wikipedia.org/w/index.php?title=Speech_recognition&oldid=949143164},

}

@misc{howToDoSpeech,
	author = {Jayesh Saita},
	title = {Ok Google: How to do Speech Recognition?},
	howpublished = {[online]},
	year = {2018},
	note = {[vid. 7. 04. 2020]},
	url = {https://towardsdatascience.com/
	ok-google-how-to-do-speech-recognition-f77b5d7cbe0b},

}

@MastersThesis{rekurentNeuronSiet,
	school = {Vysoké učení technické v Brně. Fakulta informačních technologií},
	year = {2015},
	title = {Rekurentní neuronové sítě pro rozpoznávání řeči},
	author = {Nováčik, Tomáš},
	type = {Diplomová práca},
}

@MastersThesis{rozpozRecVybraneJazyky,
	school = {Vysoké učení technické v Brně. Fakulta informačních technologií},
	year = {2013},
	title = {Rozpoznávání řeči pro vybrané jazyky},
	author = {Schmitt, Jan},
	type = {Bakalárska práca},
}

@article{talkingToMachines,
	issn = {00010782},
	journal = {Communications of the ACM},
	pages = {14--16},
	volume = {55},
	publisher = {ACM},
	number = {4},
	year = {2012},
	title = {Talking to machines},
	author = {Geller, Tom},
	}

@article{birdRecog,
	issn = {1687-4722},
	journal = {Eurasip Journal on Audio, Speech, and Music Processing},
	pages = {1--7},
	volume = {2018},
	publisher = {Springer Nature},
	number = {12},
	title = {Automatic bird species recognition based on birds vocalization},
	author = {Šťastný, Jiří and Munk, Michal and Juránek, Luboš},
	year = {2018},
}

@periodical{voiceRecInHome,
	issn = {00999660},
	journal = {Wall Street Journal},
	pages = {A.11},
	publisher = {Dow Jones & Company Inc},
	year = {2017},
	title = {Life \& Arts -- Home: Does Your Refrigerator Understand You? --- Makers of kitchen and laundry-room appliances grapple with voice recognition},
	author = {Byron, Ellen},
}